% References to papers regarding inversions and forward modeling

%----------------------------------------------------------------
@string{A       = {Atmosfera}}
@string{AMM     = {Australian Meteorological Magazine}}
@string{AJ      = {Astrophysical Journal}}
@string{AM      = {Annalen der Meteorologie}}
@string{AO      = {Applied Optics}}
@string{AOP     = {Atmospheric and Oceanic Physics (engl. transl.}}
@string{AR      = {Atmospheric Research}}
@string{ATOC    = {Atmosphere -- Ocean}}

@string{BAMS    = {Bulletin of the American Meteorological Society}}
@string{BLM     = {Boundary-Layer Meteorology}}
@string{BPA     = {Beitr"age zur Physik der Atmosph"are}}

@string{CC      = {Climate Change}}
@string{CJP     = {Canadian Journal of Physics}}

@string{GRL     = {Geophysical Research Letters}}

@string{IAOP    = {Izvestia Atmos. Oceanic Phys.}}
@string{IJRS    = {International Journal of Remote Sensing}}
@string{I3EJOE  = {IEEE Journal of Oceanic Engineering}}
@string{I3ETAP  = {IEEE Transactions on Antennas and Propagation}}
@string{I3ETGRS = {IEEE Transactions on Geoscience and Remote Sensing}}
@string{I3ETGE  = {IEEE Transactions on Geoscience Electronics}}
@string{I3ETMTT = {IEEE Transactions on Microwave Theory and Technique}}

@string{JAM     = {Journal of Applied Meteorology}}
@string{JAS     = {Journal of the Atmospheric Sciences}}
@string{JAOT    = {Journal of Atmosphere and Ocean Technology}}
@string{JC      = {Journal of Climate}}
@string{JCAM    = {Journal of Climate and Applied Meteorology}}
@string{JCHP    = {Journal of Chemical Physics}}
@string{JCP     = {Journal of Computational Physics}}
@string{JGR     = {J. of Geophys. Res.}}
@string{JMSJ    = {Journal of the Meteorological Society of Japan}}
@string{JOSA    = {Journal of the Optical Society of America}}
@string{JPO     = {Journal of Physical Oceanography}}
@string{JPCRD   = {Journal of Physical and Chemical Reference Data}}
@string{JQSRT   = {Journal of Quantitative Spectroscopy and Radiative Transfer}}

@string{MAP     = {Meteorology and Atmospheric Physics}}
@string{MBT     = {Meteorological Bulletin, Taiwan}}
@string{MR      = {Meteorologische Rundschau}}
@string{MZ      = {Meteorologische Zeitschrift}}
@string{MWR     = {Monthly Weather Review}}
@string{MZ      = {Meteorologische Zeitschrift}}

@string{N       = {Nature}}
@string{NWD     = {National Weather Digest}}

@string{PRD     = {Physical Review D}}

@string{QJRMS   = {Quarterly Journal of the Royal Meteorological Society}}

@string{RG      = {Review of Geophysics}}
@string{RGSP    = {Reviews of Geophysics and Space Physics}}
@string{RS      = {Radio Science}}
@string{RSE     = {Remote Sensing of Environment}}
@string{RSR     = {Remote Sensing Reviews}}
@string{RSPR    = {Remote Sensing of Polar Regions}}

@string{S       = {Science}}

@string{T       = {Tellus}}

@string{WF      = {Weather and Forecasting}}
@string{WRR     = {Water Resources Research}}
%----------------------------------------------------------------
		  

@article{abaueretal:86,
 Author    = {A. Bauer and B. Duterage and M. Godon},
 Title     = {Temperature Dependence of Water Vapor Absorptionin the Wing 
              of the 183\,\uppercase{GH}z Line},
 Journal   = {JQSRT},
 Year      = 1986,
 Volume    = {36},
 Pages     = {307-318}
  }


@article{abaueretal:89,
 Author    = {A. Bauer and M. Godon and M. Kheddar and J.~M. Hartmann},
 Title     = {Temperature and perturber dependence of water vapor 
              line broadening: Experiments at 183\,\uppercase{GH}z; Calculations 
              below 1000\,\uppercase{GH}z},
 Journal   = JQSRT,
 Year      = 1989,
 Volume    = {41},
 Pages     = {49-54}
  }


@article{abauer:91,
 Author    = {A. Bauer and M. Godon},
 Title     = {Temperature Dependence of Water-Vapor Absorption in 
              Linewings at 190\,\uppercase{GH}z},
 Journal   = JQSRT,
 Year      = 1991,
 Volume    = {46},
 Pages     = {211-220}
  }

@article{abaueretal:93,
 Author    = {A. Bauer and M. Godon and J. Carlier and Q. Ma and 
              R.~H. Tipping},
 Title     = {Absorption by {H$_2$O} and {H$_2$O-N$_2$} mixtures at 153\,\uppercase{GH}z},
 Journal   = JQSRT,
 Year      = {1993},
 Volume    = {50},
 Pages     = {463-475}
  }


@article{abaueretal:95,
 Author    = {A. Bauer and M. Godon and J. Carlier and Q. Ma},
 Title     = {Water vapor absorption in the atmospheric window at
              239\,\uppercase{GH}z},
 Journal   = JQSRT,
 Year      = 1995,
 Volume    = {53},
 Pages     = {411-423}
  }


@article{abaueretal:96,
 Author    = {A. Bauer and M. Godon and J. Carlier and R.~R. Gamache},
 Title     = {Absorption of a H2O-CO2 in the atmospheric window at 
              239\,\uppercase{GH}z; H$_2$O-CO$_2$ linewidths and continuum},
 Journal   = {J Mol Spectrosc},
 Year      = 1996,
 Volume    = {176},
 Pages     = {45-57}
  }


@article{abaueretal:98,
 Author    = {A. Bauer and M. Godon and J. Carlier and R.~R. Gamache},
 Title     = {Continuum in the  Window of the Water Vapor Spectrum. 
              Absorption of \uppercase{H$_2$O}-\uppercase{A}r at 
              239\,\uppercase{GH}z and Linewidth Calculations},
 Journal   = JQSRT,
 Year      = 1998,
 Volume    = {59},
 Pages     = {273-285}
  }


@TechReport{abauer:98b,
author =       {A. Bauer and M. Birk and S. B{\"u}hler and
                  J.~M. Colmont and A. {von Engeln} and K. K{\"u}nzi
                  and A. Perrin and D. Priem and G. Wagner and
                  G. Wlodarczak},
title =        {Study on a spectroscopic database for millimeter
                  and submillimeter wavelengths, Final Report},
institution =  {ESTEC},
year =         {1998},
Type   =       {Final Report},
number =       {Contract No 11581/95/NL/CN},
Address =      {Noordwijk},
month =        {February}
}

@techreport{abreu:96,
 author    = {F.~X. Kneizys and L.~W. Abreu and G.~P. Anderson and 
              J.~H. Chetwynd and E.~P. Shettle and 
              A. Berk and L.~S. Bernstein and D.~C. Robertson and 
              P. Acharya and L.~S. Rothman and J.~E.~A. Selby and
              W.~O. Gallery and S.~A. Clough},
 Title     = {The \uppercase{MODTRAN}2/3 Report and \uppercase{LOWTRAN}7 Model
             Laboratory studies and propagation modelling},
 Year      = 1996,
 Institution = {Phillips Laboratory, Geophysical Directorate, PL/GPOS},
 Number    = {1/11/96},
 Adress    = {39 Randolph Road, Hanscom AFB, MA 01731-3010},
 note      = {editors: L.~W. Abreu and G.~P. Anderson}
  }

@article{balluch:97,
 Author    = {M. Balluch and D.J. Lary},  
 Title     = {Refraction and atmospheric photochemistry},
 Year      = 1997,
 Journal   = JGR,
 Volume    = 102,
 Pages     = {8845--8854}
}

@article{beckerautler:46,
  author = 	 {G.~E. Becker and S.~H. Autler},
  title = 	 {Water vapor absorption of electromagnetic radiation 
                  in the centimeter wavelength range},
  journal =	 pr,
  year =	 1946,
  volume =	 70,
  pages =	 {300-307}
}

@article{berton:00,
  author = 	 {R.~P.~H. Berton},
  title = 	 {Statistical distribution of water content and sizes for 
                  clouds above \uppercase{E}urope},
  journal =	 AG,
  year =	 2000,
  volume =	 18,
  pages =	 {385-397}
}


@article{borysow:86,
 Author    = {A. Borysow and L. Frommhold},
 Title     = {Collision induced Rototranslational Absorption Spectra of 
              \uppercase{N}$_2$--\uppercase{N}$_2$ Pairs for Temperatures 
              from 50 to 300\,\uppercase{K}},
 Journal   = AJ,
 Year      = 1986,
 Volume    = 311,
 Pages     = {1043-1057}
  }

@book{brussaard:95,
 AUTHOR    = {G. Brussaard and P.~A. Watson},
 TITLE     = {Atmospheric Modelling and Millimetre Wave Propagation},
 Publisher = {Chapman \& Hall},
 Adress    = {London},
 Year      = {1995},
 Note      = {\uppercase{ISBN} 0-412-56230-8 }
  }

@article{chase:85,
 Author    = {Chase, M.~W. and C.~A. Davies and J.~R. Downey and  D.~J. Frurip and R.~A. McDonald},
 Title     = {JANAF Thermochemical Tables, Third Edition},
 journal   = {JPCRD},
 Year      = {1985},
 Volume    = {14},
 Pages     = {1274}
  }

@incollection{clough:80,
 Editor    = {A. Deepak and T. Wilkerson and L. Ruhnke},
 Author    = {S.~A. Clough and F.~X. Kneizys and R.~W. Davis and 
              R.~R. Gamache and R.~H. Tipping},
 Title     = {Theoretical Line Shape for {H$_2$O} vapor: Application 
              to the Continuum},
 Booktitle = {Atmospheric Water Vapor},
 Publisher = {Academic Press},
 Year      = 1980
  }


@article{clough:89,
 Author    =   {S.~A. Clough and F.~X. Kneizys and R.~W. Davis},
 Title     =   {Line Shape and Water Vapor Continuum},
 Journal   = {Atmospheric Research},
 Year      = 1989,
 Volume    = 23,
 Pages     = {229-241}
  }


@article{clough:92,
 Author    =   {S.~A. Clough and M.~J. Iacono and J.-L. Moncet},
 Title     =   {Line-by-Line Calculations of Atmospheric Fluxes and 
                Cooling Rates: Application to Water Vapor},
 Journal   = JGR,
 Year      = 1992,
 Volume    = 97,
 Pages     = {15761-15785}
  }

@misc{clough:99,
 Author    = "S.~A. Clough",
 Title     = "{WWW} home page",
 Note      = "\uppercase{AER} Inc., 840 Memorial Drive., Cambridge, MA 02139 (ftp://ftp.aer.com/aer\_contnm\_ckd/)",
 Year      = 1999
  }

@article{costaetal:00,
 Author    = {A.~A. Costa and G.~P. Almeida and A.~J.~C. Sampaio},
 Title     = {A bin-microphysics cloud model with high-order, 
              positive-definite advection},
 Journal   = AR,
 Year      = 2000,
 Volume    = {55},
 Pages     = {225-255}
  }


@article{cruzpol:98,
 Author    = {S.~L. {Cruz~Pol} and Ch.~S. Ruf and S.~J. Keihm},  
 Title     = {Improved 20-- to 32--\uppercase{GH}z atmospheric absorption model},
 Year      = 1998,
 Journal   = RS,
 Volume    = 33,
 Pages     = {1319-1333},
 Note      = {updated version can be downloaded from 
              \verb+http://ece.uprm.edu/~pol/Atmosphere.html+}
 }

@article{dagg:75,
 Author    = {I.~R. Dagg and G.~E. Reesor and J.~L. Urbaniak},
 Title     = {Collision induced absorption in \uppercase{N}$_2$, 
              \uppercase{CO}$_2$, and \uppercase{H}$_2$ at 2\,cm$^{-1}$},
 Journal   = CJP,
 Year      = 1975,
 Volume    = {53},
 Pages     = {1764-1776}
  }


@article{dagg:78,
 Author    = {I.~R. Dagg and G.~E. Reesor and M. Wong},
 Title     = {A microwave cavity measurement of collision-induced absorption 
              in \uppercase{N}$_2$ and \uppercase{CO}$_2$ at 4.6\,cm$^{-1}$},
 Journal   = {Can. J. Phys.},
 Year      = 1978,
 Volume    = {56},
 Pages     = {1037-1045}
  }

@article{drayson:76,
 Author    = {S.~R. Drayson},
 Title     = {Rapid computation of the \uppercase{V}oigt profile},
 Journal   = JQSRT,
 Year      = 1976,
 Volume    = {16},
 Pages     = {611}
  }

@incollection{elgered:93,
 AUTHOR    = {G. Elgered},
 TITLE     = {Tropospheric radio-path delay from ground-based microwave 
              radiometry},
 BOOKTITLE = {Atmospheric remote sensing by microwave radiometry},
 PUBLISHER = {Wiley-Interscience},
 YEAR      = 1993,
 EDITOR    = {M.A. Janssen},
 CHAPTER   = 8,
 PAGES     = {215--258},
 EDITION   = 1,
}

@article{englishetal:94,
 Author    = {S.~J. English and C. Guillou and C. Prigent and D.~C. Jones},
 Title     = {Aircraft measurements of water vapor continuum absorption 
              at millimeter wavelengths},
 Journal   = QJRMS,
 Year      = {1994},
 Volume    = {120},
 Pages     = {603-625}
  }

@techreport{eriksson:97a,
 Author    = {P. Eriksson and F. Merino},
 Title     = {On simulating passive observations of the 
		  middle atmosphere in the range 1~-~1000~{GHz}},
 Year      = 1997,
 Institution = {Department of Radio and Space Science, 
		  Chalmers University of Technology, Sweden},
 Number    = 179,
}

@article{eriksson:00a,
 Author    = {P. Eriksson and F. Merino and D. Murtagh and P. Baron
		  and P. Ricaud and J. de la N\"oe},  
 Title     = {Studies for the {O}din sub-millimetre radiometer: 
		  1. {R}adiative transfer and instrument simulation},
 Year      = 2000,
 Journal   = {to appear in Canadian Journal of Physics},
}

@phdthesis{eriksson:99,
 Author    = {P. Eriksson},
 Title     = {Microwave radiometric observations of the middle
		  atmosphere: Simulations and inversions},
 Year      = 1999,
 School    = {School of Electrical and Computer Engineering, 
		  Chalmers University of Technology, Sweden},
}

@article{eriksson:01c,
 Author    = {P. Eriksson and C. Jim\'enez and S. B{\"u}hler and D. Murtagh},  
 Title     = {A {H}otelling transformation approach for rapid inversion of
                 atmospheric spectra},
 Year      = 2001,
 Journal   = {J. Quant. Spectrosc. Radiat. Transfer, in press},
}

@TechReport{eriksson:01d,
  author =       {P. Eriksson and C. Jim\'enez and D. Murtagh and G. Elgered
                  and T. Kuhn and S. B{\"u}hler},
  title =        {Assessment of uncertainties in {LEO-LEO} transmission 
                  observations through the troposphere/stratosphere},
  institution =  {ESTEC / Contract No ???},
  year =         2001,
}

@article{godonetal:92,
 Author    = {M. Godon and J. Carlier and A. Bauer},
 Title     = {Laboratory Studies of Water Vapor Absorption in the
              Atmospheric Window at 213\,\uppercase{GH}z},
 Journal   = JQSRT,
 Year      = 1992,
 Volume    = {47},
 Pages     = {275--285}
  }


@article{godon:00,
 Author    = {Godon M, Bauer A, Gamache RR},
 Title     = {The continuum of water vapor mixed with methane; absolute absorption
              at 239\,\uppercase{GH}z and linewidths calculations},
 Journal   = {J Molec Spectrosc},
 Year      = 2000,
 Volume    = {202},
 Pages     = {293-302}
  }

@book{goodyandyung:89,
 AUTHOR    = {R. M. Goody and Y. L. Yung},
 TITLE     = {Atmospheric radiation, theoretical basis},
 Publisher = {Oxford University Press},
 Adress    = {New York, Oxford},
 Year      = 1989,
 Note      = {second edition}
  }

@book{goody:95,
 AUTHOR    = {R. M. Goody},
 TITLE     = {Principles of atmospheric physics and chemistry},
 Publisher = {Oxford University Press},
 Adress    = {New York, Oxford},
 Year      = 1995,
  }

@article{hill:86,
 Author    = {R.~J. Hill},
 Title     = {Water vapor--absorption line shape comparison using the 
              22\,\uppercase{GH}z line: \uppercase{T}he 
              \uppercase{V}an~\uppercase{V}leck--\uppercase{W}eisskopf shape affirmed},
 Journal   = RS,
 Year      = 1986,
 Volume    = 21,
 Pages     = {447-451}
}

@article{hess:98,
 Author    = {M. Hess and P. Koepke and I. Schult},
 Title     = {Optical Properties of Aerosols and Clouds: 
              The Software Package \uppercase{OPAC}},
 Journal   = BAMS,
 Year      = 1998,
 Volume    = 79,
 Pages     = {831-844}
}

@article{ho:66,
 Author    = {W. Ho and I.~A. Kaufman and P. Thaddeus},
 Title     = {Laboratory measurement of microwave absorption in models 
              of the atmosphere of \uppercase{V}enus},
 Journal   = JGR,
 Year      = 1966,
 Volume    = {71},
 Pages     = {5091-5108}
  }


@Article{hufford:91,
  author  = {G.~A. Hufford},
  title   = {A Model for the Complex Permittivity of Ice at Frequencies below 1\,THz},
  journal = IJIMW,
  year    = {1991},
  volume  = {12},
  number  = {7},
  pages   = {677-682}
}

@Article{hui:78,
  author  = {A.~K. Hui and B.~H.Armstrong and A.~A. Wray},
  title   = {Rapid computation of the Voigt and complex error functions},
  journal = JQSRT,
  year    = {1978},
  volume  = {19},
  pages   = {509-516}
}






@Book{janssen:93,
  OPTauthor =    {},
  title =        {Atmospheric remote sensing by microwave radiometry},
  publisher =    {John Wiley \& Sons, Inc.},
  year =         {1993},
  OPTkey =       {},
  editor =       {Michael A. Janssen},
  OPTvolume =    {},
  OPTnumber =    {},
  OPTseries =    {},
  address =      {New York},
  OPTedition =   {},
  OPTmonth =     {},
  OPTnote =      {},
  annote =       {ISBN: 0-471-62891-3}
}

@TechReport{keihm:01,
 author =       {S. J. Keihm and Y. Bar-Sever and J. Liljegren},
 title =        {Water Vapor Radiometer-Global Positioning System Comparison 
                Measurements and Calibration of the 20 to 32 
                Gigahertz Tropospheric Water Vapor Absorption Model},
 institution =  {JPL},
 year =         {2001},
 Type   =       {Final Report},
 number =       {TMO-PR-42-144},
 month =        {February},
 Note  =        {This article can be downloaded from 
                 \verb|http://tmo.jpl.nasa.gov/tmo/progress_report/42-144/title.htm|}
}
@article{kuntz:97,
 Author    = {M. Kuntz and G. Hochschild and R. Krupa},  
 Title     = {Retrieval of ozone mixing ratio profiles from ground-based
              millimeter wave measurements disturbed by standing waves},
 Year      = 1997,
 Journal   = JGR,
 Volume    = 102,
 Pages     = {21965--21975}
}

@article{kursinski:97,
   author    = {E. R. Kursinski and G. A. Hajj and J. T. Schofield and 
                  R. P. Linfield and K. R. Hardy},
   title     = {Observing {Earth's} atmosphere with radio occultation 
                         measurements using the {Global Positioning System}},
   journal   = JGR,
   year      = 1997,
   volume    = 102,
   pages     = {23429-23465},
}


@book{kyle:91,
 AUTHOR    = {T.G. Kyle},
 TITLE     = {Atmospheric transmission, emission and scaterring},
 PUBLISHER = {Pergamon Press},
 YEAR      = 1991,
}

@article{larsenetal:98,
 Author    = {H. Larsen and J.-F. Gayet and G. Febvre and H. Chepfer and G. Brogniez},
 Title     = {Measurement errors in cirrus cloud microphysical properties},
 Journal   = AG,
 Year      = 1998,
 Volume    = 16,
 Pages     = {266-276}
  }

@article{lietal:97,
 Author    = {L. Li and J. Vivekanandan and C.~H. Chan and Leung Tsang},
 Title     = {Microwave radiometric technique to retrieve vapor; liquid and ice; 
              part \uppercase{I} -- developement of a neural network-based inversion method},
 Journal   = I3ETGRS,
 Year      = 1997,
 Volume    = 35,
 Pages     = {224-235}
  }

@article{liebe:81,
 Author    = {H. J. Liebe},
 Title     = {Modelling attenuation and phase of radio waves in
             air at frequencies below 1000 GHz},
 Journal   = RS,
 Year      = 1981,
 Volume    = 16,
 Pages     = {1183-1199}
  }


@article{liebe:84,
 Author    = {H.~J. Liebe},
 Title     = {The atmospheric water vapor continuum below 300~{GH}z},
 Journal   = IJIMW,
 Year      = {1984},
 Volume    = {5(2)},
 Pages     = {207-227}
  }


@article{liebe:85,
 Author    = {H. J. Liebe},
 Title     = {An updated model for millimeter wave propagation
             in moist air},
 Journal   = RS,
 Year      = 1985,
 Volume    = 20,
 Pages     = {1069-1089}
  }


@article{liebe:87,
 Author    = {H.~J. Liebe},
 Title     = {A contribution to modeling atmospheric millimeter-wave properties},
 Journal   = {Frequenz},
 Year      = 1987,
 Volume    = 41,
 Pages     = {31-36}
  }


@techreport{liebeandlayton:87,
 Author    = {H.~J. Liebe and D.~H. Layton},
 Title     = {Millimeter-wave properties of the atmosphere:
             Laboratory studies and propagation modelling},
 Year      = 1987,
 Institution = {U.S. Dept. of Commerce, National
               Telecommunications and Information
               Administration, Institute for Communication
               Sciences},
 Number    = 87224,
 Note      = {80p},
 Adress    = {325 Broadway, Boulder, CO 80303-3328}
  }


@Article{liebe:89,
  author  = {Hans~J. Liebe},
  title   = {{MPM} -- an atmospheric millimeter--wave propagation model},
  journal = IJIMW,
  year    = {1989},
  volume  = {10},
  number  = {6},
  pages   = {631-650}
}


@Article{liebe:89b,
  author  = {Hans~J. Liebe and Takeshi Manabe and George~A. Hufford},
  title   = {Millimeter--wave attenuation and delay rates due to fog/cloud
             conditions},
  journal = {IEEE Trans. Antennas Propag.},
  year    = {1989},
  volume  = {37},
  number  = {12},
  pages   = {1617--1623},
  month   = {December}
}


@Article{liebe:89c,
  author = 	 {Hans~J. Liebe},
  title = 	 {A Contribution to Modeling Atmospheric Millimeter--wave 
                  Properties},
  journal = 	 {Frequenz},
  year = 	 {1987},
  volume = 	 {41},
  number = 	 {1},
  pages = 	 {31-36}
}


@Article{liebeetal:91,
  author  = {Hans~J. Liebe and G.~A. Hufford and T. Manabe},
  title   = {A Model for the Complex Permittivity of Water at Frequencies below 1\,THz},
  journal = IJIMW,
  year    = {1991},
  volume  = {12},
  number  = {7},
  pages   = {659-675}
}


@Article{liebeetal:92,
  author  = {Hans~J. Liebe and P.~W. Rosenkranz and G.~A. Hufford},
  title   = {Atmospheric \mbox{60-\uppercase{GH}z} oxygen spectrum: new 
             laboratory measurements and line parameters},
  journal = JQSRT,
  year    = {1992},
  volume  = {48},
  number  = {5/6},
  pages   = {629-643}
}


@inproceedings{liebeetal:93,
  author =       {H. J. Liebe and G. A. Hufford and M. G. Cotton},
  title =        "Propagation modeling of moist air and suspended water/ice 
                  particles at frequencies below 1000 {GHz.}",
  Booktitle = {AGARD 52nd Specialists Meeting of the Electromagnetic Wave 
               Propagation Panel, Palma de Mallorca, Spain},
  Year      = 1993,
  Month     = {May 17-21},
  note      = {\verb+ftp://ftp.its.bldrdoc.gov/pub/mpm93/+}
}

@article{liptonetal:99,
 Author    = {A.~E. Lipton and M.~K. Griffin and A.~G. Ling},
 Title     = {Microwave transfer model differences in remote sensing of cloud liquid
              water at low temperatures},
 Journal   = I3ETGRS,
 Year      = 1999,
 Volume    = 37,
 Pages     = {620-623}
  }

@INCOLLECTION{ludlammason:57,
 EDITOR    = {S. Fl\"gge},
 Author    = {F.~H. Ludlam and B.~J. Mason},
 Title     = {The physics of clouds},
 BOOKTITLE = {Encyclopedia of Physics},
 Year      = 1957,
 Volume    = {48},
PUBLISHER  = {Springer, Berlin}
  }

@article{ma:90,
 Author    = {Q. Ma and R.~H. Tipping},
 Title     = {Water vapor continuum in the millimeter spectral region},
 Journal   = JCHP,
 Year      = 1990,
 Volume    = 93,
 Pages     = {6127-6139}
  }

@TechReport{master00,
  author =       "W. J. Reburn and R. Siddans and B. J. Kerridge and
                  S. B{\"u}hler and von Engeln, A. and P. Erikson and
                  T. Kuhn-Sander and C. Verdes and K. K{\"u}nzi",
  title =        "Critical Assessments in Millimetre-Wave Atmospheric 
                  Limb Sounding, Final Report", 
  institution =  "ESTEC / Contract No 13348 / 98 / NL / GD",
  year =         2000,
}

@article{oliveiro:77,
   author    = {J.~J. Oliveiro and R.~L. Longbothum},
   title     = {Empirical fits to Voight line width: A brief review},
   journal   = JQSRT,
   year      = 1977,
   volume    = 17,
   pages     = {233-236},
}

 		  
@article{pawlowskaetal:00,
   author    = {H. Pawlowska and J.~L. Brenguier and F. Burnet},
   title     = {Microphysical properties of stratocumulus clouds},
   journal   = AR,
   year      = 2000,
   volume    = 55,
   pages     = {15-33},
}

@book{press:92,
 AUTHOR    = {W.H. Press and S.A. Teukolsky and W.T. Vetterling and 
              B.P. Flannery},
 TITLE     = {Numerical recipes in FORTRAN},
 PUBLISHER = {Cambridge University Press},
 YEAR      = 1992,
 EDITION   = 2,
}


@article{ray:72,
   author    = {P. Ray},
   title     = {Broadband Complex Refractive Indices of Ice and Water},
   journal   = {Appl. Opt.},
   year      = {1972},
   volume    = {11},
   pages     = {1836-1844}
}

@article{rosenkranz:75,
 Author    = {P. W. Rosenkranz},
 Title     = {Shape of the 5 mm oxygen band in the atmosphere},
 Journal   = {IEEE Trans. Ant. Prop.},
 Year      = 1975,
 Volume    = {AP-23},
 Pages     = {498-506}
  }



@INCOLLECTION{pwr:93,
EDITOR    = {M.~A. Janssen},
AUTHOR    = {P.~W. Rosenkranz},
TITLE     = {Absorption of microwaves by atmospheric gases},
BOOKTITLE = {Atmospheric remote sensing by microwave radiometry},
PAGES     = {37-90},
YEAR      = {1993},
PUBLISHER = {John Wiley \& Sons, Inc.},
annote    = {ISBN: 0-471-62891-3},
note      = {\verb+ftp://mesa.mit.edu/phil/lbl_rt+}
}


@ARTICLE{pwr:98,
AUTHOR = {P. W. Rosenkranz},
TITLE = {Water Vapor Microwave Continuum Absorption: A Comparison of 
         Measurements and Models},
JOURNAL = {Radio Science},
VOLUME = {33},
NUMBER = {4},
PAGES = {919--928},
YEAR = {1998},
NOTE = {(correction in 34, 1025, 1999), \verb+ftp://mesa.mit.edu/phil/lbl_rt+}
}

@article{rodgers:90,
 Author    = {C. D. Rodgers},  
 Title     = {Characterization and error analysis of profiles
		  retrieved from remote sounding measurements},
 Year      = 1990,
 Journal   = JGR,
 Volume    = 95,
 Pages     = {5587--5595}
}

@book{rodgers:00,
 Author    = {C.D. Rodgers},  
 Title     = {Inverse methods for atmospheric sounding: Theory and practise},
 Year      = 2000,
 Publisher = {World {S}cientific {P}ublishing},
 EDITION   = 1,
}

@book{rohlfs:86,
 AUTHOR    = {K. Rohlfs},
 TITLE     = {Tools of radio astronomy},
 PUBLISHER = {Springer-Verlag, Berlin},
 YEAR      = 1986,
}

@article{rothmanetal:83,
author  = {L. S. Rothman and R. R. Gamache and A. Barbe and A. Goldman and 
           J. R. Gillis and L. R. Brown and R. A. Toth and J.-M. Floud and 
           C. Camy-Peyret},
title   = {\uppercase{AFGL} atmospheric absorption line parameters compilation: 
           1982 edition},
journal = AO,
year    = 1983,
volume  = {22},
pages   = {2247-2256}
}


@article{rothman:92,
 Author    = {L.~S. Rothman and R.~R. Gamache and R.~H. Tipping and 
              C.~P. Rinsland and M.~A.~H. Smith and D.~C. Benner and 
              V. Malathy Devi and J.-M. Flaud and C. Camy-Peyret and 
              A. Perrin and A. Goldman and S.~T. Massie and L.~R. Brown 
              and R.~A. Toth},
 Title     = {The {HITRAN} molecular database: editions of 1991 and 1992},
 Journal   = JQSRT,
 Year      = 1992,
 Volume    = 48,
 Pages     = {469-507}
  }

@article{rothman:98,
 Author    = {L.~S. Rothman and C.~P. Rinsland and A. Goldman and 
              S.~T. Massie and D.~P. Edwards and J-M. Flaud and A. Perrin and 
              C. Camy-Peyret and V. Dana and J. -Y. Mandin and 
              J. Schroeder and A. McCann and R.~R. Gamache and R.~B. Wattson and 
              K. Yoshino and K.~V. Chance and K.~W. Jucks and L.~R. Brown and 
              V. Nemtchinov and P. Varanasi},
 Title     = {The \uppercase{HITRAN} Molecular Spectroscopic Database and 
              \uppercase{HAWKS} (\uppercase{HITRAN} Atmospheric Workstation): 
              1996 Edition},
 Journal   = JQSRT,
 Year      = 1998,
 Volume    = 60,
 Pages     = {665-710}
  }

@book{salby:96,
 AUTHOR    = {M.~L. Salby},
 TITLE     = {Fundamentals of Atmospheric Physics},
 Publisher = {Academic Press},
 Adress    = {San Diego},
 Year      = {1996},
 series    = {International Geophysics Series},
 volume    = {61},
 Note      = {\uppercase{ISBN} 0-12-615160-1}
  }

@article{schimpf:97,
 Author    = {B. Schimpf and F. Schreier},  
 Title     = {Robust and efficient inversion of vertical sounding atmospheric
              high-resolution spectra by means of regularization},
 Year      = 1997,
 Journal   = JGR,
 Volume    = 102,
 Pages     = {16037--16055}
}


@book{seinfeld:98,
 AUTHOR    = {J.~H. Seinfeld and S.~N. Pandis},
 TITLE     = {Atmospheric Chemistry and Physics : from Air Pollution to Climate Change},
 Publisher = {Wiley},
 Adress    = {New York},
 Year      = {1998},
 Note      = {\uppercase{ISBN} 0-471-17816-0}
  }


@article{shupeetal:00,
 Author    = {M.~D. Shupe and T. Uttal and S.~Y. Matrosov and A.~S. Frisch},
 Title     = {Cloud water content and hydrometeor sizes during the 
              \uppercase{FIRE}-\uppercase{A}rctic 
              \uppercase{C}louds \uppercase{E}xperiment},
 Journal   = JGR,
 Year      = 2000,
 Volume    = {106},
 Pages     = {15015-15028}
  }

@article{stankevich:74,
 Author    = {K.~S. Stankevich},
 Title     = {Absorption of sub--millimeter--range radio waves in a dry atmosphere},
 Journal   = {Radiophys. Quantum Electron. (Engl. Transl.)},
 Year      = 1974,
 Volume    = {17},
 Pages     = {579-581}
  }

@article{stonenw:84,
 Author    = {N.~W. Stone and W.~G. Read and A. Anderson and I.~R. Dagg and W. Smith},
 Title     = {Temperature-dependent collision-induced absorption in nitrogen},
 Journal   = {Can. J. Phys.},
 Year      = 1984,
 Volume    = 62,
 Pages     = {338-347}
  }

@book{townes:55,
 AUTHOR    = {C. H. Townes and A. L. Schawlow},
 TITLE     = {Microwave Spectroscopy},
 Publisher = {Mc Graw-Hill},
 Adress    = {New York},
 Year      = 1955
  }

@article{vanvleck:45,
 Author    =   {J.~H. {Van Vleck} and V.~F. Weisskopf},
 Title     =   {On the Shape of Collision--Broadening lines},
 Journal   = {Reviews of Modern Physics},
 Year      = 1945,
 Volume    = 17,
 Pages     = {227---236}
  }

@INCOLLECTION{vv:87,
EDITOR    = {D.~E. Kerr},
AUTHOR    = {J.~H. {Van Vleck}},
TITLE     = {The Relation between Absorption and Dispersion},
BOOKTITLE = {Propagation of Short Radio Waves},
PAGES     = {641-664},
YEAR      = {1987},
PUBLISHER = {Peter Peregrinus Ltd},
note      = {first published in 1951 by {McGraw-Hill Book Comp. Inc.}}
}

@article{westwater:78,
 Author    =   {E. R. Westwater},
 Title     =   {The accuracy of water vapor and cloud liquid
               water determination by dual-frequency
               ground-based microwave radiometry},
 Journal   = RS,
 Year      = 1978,
 Volume    = 13,
 Pages     = {677-685}
}


% ground-based microwave 
@article{westwaterandguiraud:80,
 Author    =   {E. R. Westwater and F. O. Guiraud},
 Title     =   {Ground-based microwave radiometric retrieval of
               precipitable water vapor in the presence of
               clouds with high liquid content},
 Journal   = RS,
 Year      = 1980,
 Volume    = 15,
 Pages     = {947-957}
}


% ground-based microwave 
@article{westwateretal:83,
 Author    =   {E. R. Westwater and M. T. Decker and A. Zachs and
                K. S. Gage},
 Title     =   {Ground-based remote sensing of temperature profiles
                by a combination of microwave radiometry and radar},
 Journal   = JCAM,
 Year      = 1983,
 Volume    = 22,
 Pages     = {126-133}
}


% ground-based microwave 
@article{westwateretal:90,
 Author    =   {E. R. Westwater and J. B. Snider and M. J. Falls},
 Title     =   {Ground-based microwave radiometric retrieval of
               precipitable water vapor in the presence of
               clouds with high liquid content},
 Journal   = RS,
 Year      = 1980,
 Volume    = 15,
 Pages     = {947-957}
}

@INCOLLECTION{westwater:93,
EDITOR    = {M.~A. Janssen},
AUTHOR    = {E.~R. Westwater},
TITLE     = {Groundbased microwave radiometry},
BOOKTITLE = {Atmospheric remote sensing by microwave radiometry},
PAGES     = {37-90},
YEAR      = {1993},
PUBLISHER = {John Wiley \& Sons, Inc.},
annote    = {ISBN: 0-471-62891-3}
}
